@Book{Berthier2007Sudoku,
  author =       {Denis Berthier},
  title =        {The Hidden Logic of Sudoku},
  publisher =    {Lulu.com},
  year =         {2007},
  edition =      {Second},
  note =         {ISBN 978-1-84799-214-7},
  annote =       {Have it.}
}
